@book{DiFrancesco:1997nk,
  author    = {Di Francesco, P. and Mathieu, P. and Senechal, D.},
  title     = {{Conformal field theory}},
  isbn      = {978-0-387-94785-3, 978-1-4612-7475-9},
  publisher = {\href{https://doi.org/10.1007/978-1-4612-2256-9}{Springer New York}},
  series    = {Graduate Texts in Contemporary Physics},
  year      = {1997},
  edition   = {1}
}

@article{Qualls:2015qjb,
  author        = {Qualls, Joshua D.},
  title         = {{Lectures on conformal field theory}},
  eprint        = {1511.04074},
  archiveprefix = {arXiv},
  primaryclass  = {hep-th},
  month         = {11},
  year          = {2015}
}